@manual{precharge,
  howpublished = {\url{https://www.sensata.com/sites/default/files/a/sensata-how-to-design-precharge-circuits-evs-whitepaper.pdf}},
  organization = {Sensata Technlogogies},
  title        = {How to Design a Precharge Circuit for Hybrid and Electric Vehicle Applications}
}

@misc{fsg2020,
  howpublished = {\url{https://www.formulastudent.de/fileadmin/user_upload/all/2020/rules/FS-Rules_2020_V1.0.pdf}},
  organization = {Formula Student Germany},
  title        = {Formula Student Germany 2020 Rules V1.0},
  year         = {2020}
}

@book{montresor,
  author    = {Bertossi A., Montresor A.},
  edition   = {third},
  isbn      = {9788825173956},
  publisher = {Citt√† Studi Edizioni},
  title     = {Algoritmi e Strutture di Dati},
  year      = {2014}
}

@misc{llist,
  author       = {Bonora M., Ruffini S.},
  howpublished = {\url{https://github.com/eagletrt/micro-libs/tree/master/llist}},
  title        = {Dynamic double linked list implementation in C}
}

@misc{fenice-bms-hv,
  author       = {Bonora M., Ruffini S.},
  howpublished = {\url{https://github.com/eagletrt/fenice-bms-hv}},
  title        = {Fenice's High Voltage Battey Management System}
}

@inproceedings{soc,
  author    = {Chun, Chang Yoon and Seo, Gab-Su and Yoon, Sung Hyun and Cho, Bo-Hyung},
  booktitle = {2014 International Power Electronics Conference (IPEC-Hiroshima 2014 - ECCE ASIA)},
  doi       = {10.1109/IPEC.2014.6869906},
  number    = {},
  pages     = {2272-2276},
  title     = {State-of-charge estimation for lithium-ion battery pack using reconstructed open-circuit-voltage curve},
  volume    = {},
  year      = {2014}
}

@misc{vtc5,
  author       = {lygte-info.dk},
  howpublished = {\url{https://lygte-info.dk/review/batteries2012/Sony%20US18650VTC5%202600mAh%20%28Green%29%20UK.html}},
  title        = {Sony US18650VTC5 Review}
}

@article{8834858,
  author  = {Omariba, Zachary Bosire and Zhang, Lijun and Sun, Dongbai},
  doi     = {10.1109/ACCESS.2019.2940090},
  journal = {IEEE Access},
  number  = {},
  pages   = {129335-129352},
  title   = {Review of Battery Cell Balancing Methodologies for Optimizing Battery Pack Performance in Electric Vehicles},
  volume  = {7},
  year    = {2019}
}

@inproceedings{6966514,
  author    = {Qi, Jian and Dah-Chuan Lu, Dylan},
  booktitle = {2014 Australasian Universities Power Engineering Conference (AUPEC)},
  doi       = {10.1109/AUPEC.2014.6966514},
  number    = {},
  pages     = {1-6},
  title     = {Review of battery cell balancing techniques},
  volume    = {},
  year      = {2014}
}

@misc{inr21700-40t,
  author       = {Samsung SDI},
  howpublished = {\url{https://www.dnkpower.com/wp-content/uploads/2019/02/SAMSUNG-INR21700-40T-Datasheet.pdf}},
  month        = {12},
  title        = {Samsung INR21700-40T Datasheet},
  year         = {2020}
}

@misc{f446re,
  author       = {ST Microelectronics},
  howpublished = {\url{https://www.st.com/resource/en/datasheet/stm32f446re.pdf}},
  title        = {STM32F446RE Datasheet},
  year         = {2021}
}

@misc{f446re-ref,
  author       = {ST Microelectronics},
  howpublished = {\url{https://www.st.com/resource/en/reference_manual/rm0390-stm32f446xx-advanced-armbased-32bit-mcus-stmicroelectronics.pdf}},
  title        = {STM32F446RE Reference Manual},
  year         = {2021}
}

